<record><leader>00000cas a22000007a 4500</leader><controlfield tag="001">40641845</controlfield><controlfield tag="008">990119d18901890sduwr ne      0    0nor d</controlfield><datafield ind1=" " ind2=" " tag="010"><subfield code="a">sn 98062866 </subfield></datafield><datafield ind1=" " ind2=" " tag="040"><subfield code="a">SXN</subfield><subfield code="b">eng</subfield><subfield code="c">SXN</subfield><subfield code="d">OCL</subfield><subfield code="d">OCLCQ</subfield><subfield code="d">OCLCF</subfield><subfield code="d">OCLCO</subfield></datafield><datafield ind1=" " ind2=" " tag="042"><subfield code="a">msc</subfield></datafield><datafield ind1="0" ind2="0" tag="245"><subfield code="a">Almueven.</subfield></datafield><datafield ind1="3" ind2="0" tag="246"><subfield code="a">Almuevennen</subfield></datafield><datafield ind1=" " ind2=" " tag="260"><subfield code="a">Pierre, S.D. :</subfield><subfield code="b">S.D. Nordvold,</subfield><subfield code="c">1890.</subfield></datafield><datafield ind1=" " ind2=" " tag="300"><subfield code="a">v.</subfield></datafield><datafield ind1=" " ind2=" " tag="310"><subfield code="a">Weekly</subfield></datafield><datafield ind1="0" ind2=" " tag="362"><subfield code="a">1ste aarg., no. 1 (5te Aug. 1890)-1ste aarg., no. 2 (12te Aug. 1890).</subfield></datafield><datafield ind1=" " ind2=" " tag="500"><subfield code="a">"A political weekly newspaper in the Norwegian-Danish language."</subfield></datafield><datafield ind1=" " ind2=" " tag="530"><subfield code="a">Available on microfilm from: State Archives, South Dakota State Historical Society.</subfield></datafield><datafield ind1=" " ind2=" " tag="546"><subfield code="a">In Norwegian-Danish.</subfield></datafield><datafield ind1=" " ind2="0" tag="650"><subfield code="a">Norwegians</subfield><subfield code="z">United States</subfield><subfield code="v">Newspapers.</subfield></datafield><datafield ind1=" " ind2="0" tag="650"><subfield code="a">Norwegian Americans</subfield><subfield code="z">South Dakota</subfield><subfield code="v">Newspapers.</subfield></datafield><datafield ind1=" " ind2="0" tag="651"><subfield code="a">Pierre (S.D.)</subfield><subfield code="v">Newspapers.</subfield></datafield><datafield ind1=" " ind2="0" tag="651"><subfield code="a">Hughes County (S.D.)</subfield><subfield code="v">Newspapers.</subfield></datafield><datafield ind1=" " ind2="7" tag="655"><subfield code="a">Newspapers.</subfield><subfield code="2">fast</subfield><subfield code="0">(OCoLC)fst01423814</subfield></datafield><datafield ind1=" " ind2="7" tag="650"><subfield code="a">Norwegian Americans.</subfield><subfield code="2">fast</subfield><subfield code="0">(OCoLC)fst01039354</subfield></datafield><datafield ind1=" " ind2="7" tag="650"><subfield code="a">Norwegians.</subfield><subfield code="2">fast</subfield><subfield code="0">(OCoLC)fst01039481</subfield></datafield><datafield ind1=" " ind2="7" tag="651"><subfield code="a">South Dakota.</subfield><subfield code="2">fast</subfield><subfield code="0">(OCoLC)fst01204322</subfield></datafield><datafield ind1=" " ind2="7" tag="651"><subfield code="a">South Dakota</subfield><subfield code="z">Hughes County.</subfield><subfield code="2">fast</subfield><subfield code="0">(OCoLC)fst01207647</subfield></datafield><datafield ind1=" " ind2="7" tag="651"><subfield code="a">South Dakota</subfield><subfield code="z">Pierre.</subfield><subfield code="2">fast</subfield><subfield code="0">(OCoLC)fst01209256</subfield></datafield><datafield ind1=" " ind2="7" tag="651"><subfield code="a">United States.</subfield><subfield code="2">fast</subfield><subfield code="0">(OCoLC)fst01204155</subfield></datafield><datafield ind1=" " ind2=" " tag="752"><subfield code="a">United States</subfield><subfield code="b">South Dakota</subfield><subfield code="c">Hughes</subfield><subfield code="d">Pierre.</subfield></datafield><datafield ind1="0" ind2="0" tag="785"><subfield code="t">Almuevennen (Pierre, S.D.)</subfield><subfield code="w">(DLC)sn 98062867</subfield></datafield></record>